
@misc{jones_moore_macdonald_macdonald_buckley_macdonald_2019,
	title={Carbon Price Viewer - Sandbag},
	url={https://sandbag.org.uk/carbon-price-viewer/},
	journal={Sandbag},
	author={Jones, Dave and Moore, Charles and MacDonald, Phil and MacDonald, Phil and Buckley, Tricia and MacDonald, Phil},
	year={2019}
}


@misc{nuclear_economics_consulting_group_2019,
	url={https://nuclear-economics.com/nuclear-power-short-run-marginal-cost/},
	journal={Nuclear Economics Consulting Group},
	year={2019},
}

@software{creme,
	title = {{creme}, a {P}ython library for online machine learning},
	author = {Halford, Max and Bolmier, Geoffrey and Sourty, Raphael and Vaysse, Robin and Zouitine, Adil},
	url = {https://github.com/creme-ml/creme},
	version = {0.6.1},
	date = {2020-06-10},
	year = {2019}
}
@article{GeladiPaul1994Mrac,
	volume = {8},
	issn = {0886-9383},
	journal = {Journal of chemometrics},
	pages = {371--372},
	publisher = {John Wiley & Sons},
	number = {5},
	year = {1994},
	title = {Measurement, regression and calibration},
	address = {[Chichester, Sussex, England] :},
	author = {Geladi, Paul},
}

@article{scikit-learn,
 title={Scikit-learn: Machine Learning in {P}ython},
 author={Pedregosa, F. and Varoquaux, G. and Gramfort, A. and Michel, V.
         and Thirion, B. and Grisel, O. and Blondel, M. and Prettenhofer, P.
         and Weiss, R. and Dubourg, V. and Vanderplas, J. and Passos, A. and
         Cournapeau, D. and Brucher, M. and Perrot, M. and Duchesnay, E.},
 journal={Journal of Machine Learning Research},
 volume={12},
 pages={2825--2830},
 year={2011}
}


@article{coalprices, title={Coal Futures Historical Prices}, url={https://www.investing.com/commodities/coal-cme-futures-historical-data}, journal={investing.com}, publisher={Investing}}

@article{gasprices, title={Gas Futures Historical Prices}, url={https://www.investing.com/commodities/coal-cme-futures-historical-data}, journal={investing.com}, publisher={Investing}}

@article{KincheloeStephenC1990TWAC,
	issn = {0003-7087},
	journal = {The Appraisal journal.},
	volume = {58},
	publisher = {American Institute of Real Estate Appraisers},
	number = {1},
	address = {[Chicago]},
	year = {1990},
	title = {The Weighted Average Cost Of Capital - The Correct Discount},
	author = {Kincheloe, Stephen C},
}

@article{Heaps2016,
	title={Long-range Energy Alternatives Planning (LEAP) system},
	author = {Heaps, C.G.}
	year = {2016}
	address = {Stockholm Environment Institute. Somerville, M A, USA}
}

@book{Law:603360,
	author        = "Law, Averill M and Kelton, David W",
	title         = "{Simulation modeling and analysis; 3rd ed.}",
	publisher     = "McGraw-Hill",
	address       = "New York, NY",
	series        = "McGraw Hill Series in Industrial Engineering and
	Management Science",
	year          = "2000",
	url           = "http://cds.cern.ch/record/603360",
}


@article{nordpool_2019,
	author = {{Nord Pool Group}},
	title = {N2EX Day Ahead Auction Prices},
	url={https://www.nordpoolgroup.com/Market-data1/GB/Auction-prices/UK/Hourly/?view=table},
	journal={Nordpoolgroup.com},
	year={2019}
}

@article{ARIMA,
	author = {"Norbert Wiener et al."},
	title = {"Autoregressive integrated moving average"},
	year = {1930}}