
@misc{jones_moore_macdonald_macdonald_buckley_macdonald_2019,
	title={Carbon Price Viewer - Sandbag},
	url={https://sandbag.org.uk/carbon-price-viewer/},
	journal={Sandbag},
	author={Jones, Dave and Moore, Charles and MacDonald, Phil and MacDonald, Phil and Buckley, Tricia and MacDonald, Phil},
	year={2019}
}

@article{gbnationalgridstatus2019,
	title={G.B. National Grid Status, https://www.gridwatch.templar.co.uk/},
	author={{Elexon portal and Sheffield University}}
	url={https://www.gridwatch.templar.co.uk/},
	journal={Gridwatch.templar.co.uk},
	year={2019}
}

@software{creme,
	title = {{creme}, a {P}ython library for online machine learning},
	author = {Halford, Max and Bolmier, Geoffrey and Sourty, Raphael and Vaysse, Robin and Zouitine, Adil},
	url = {https://github.com/creme-ml/creme},
	version = {0.6.1},
	date = {2020-06-10},
	year = {2019}
}

@article{GeladiPaul1994Mrac,
	volume = {8},
	issn = {0886-9383},
	journal = {Journal of chemometrics},
	pages = {371--372},
	publisher = {John Wiley & Sons},
	number = {5},
	year = {1994},
	title = {Measurement, regression and calibration},
	address = {[Chichester, Sussex, England] :},
	author = {Geladi, Paul},
}

@article{scikit-learn,
 title={Scikit-learn: Machine Learning in {P}ython},
 author={Pedregosa, F. and Varoquaux, G. and Gramfort, A. and Michel, V.
         and Thirion, B. and Grisel, O. and Blondel, M. and Prettenhofer, P.
         and Weiss, R. and Dubourg, V. and Vanderplas, J. and Passos, A. and
         Cournapeau, D. and Brucher, M. and Perrot, M. and Duchesnay, E.},
 journal={Journal of Machine Learning Research},
 volume={12},
 pages={2825--2830},
 year={2011}
}


@misc{nuclear_economics_consulting_group_2019,
	url={https://nuclear-economics.com/nuclear-power-short-run-marginal-cost/},
	journal={Nuclear Economics Consulting Group},
	year={2019}
}



@article{coalprices, title={Coal Futures Historical Prices}, url={https://www.investing.com/commodities/coal-cme-futures-historical-data}, journal={investing.com}, publisher={Investing}}

@article{gasprices, title={Gas Futures Historical Prices}, url={https://www.investing.com/commodities/coal-cme-futures-historical-data}, journal={investing.com}, publisher={Investing}}

@article{KincheloeStephenC1990TWAC,
	issn = {0003-7087},
	journal = {The Appraisal journal.},
	volume = {58},
	publisher = {American Institute of Real Estate Appraisers},
	number = {1},
	address = {[Chicago]},
	year = {1990},
	title = {The Weighted Average Cost Of Capital - The Correct Discount},
	author = {Kincheloe, Stephen C}
}

@article{Heaps2016,
	title={Long-range Energy Alternatives Planning (LEAP) system},
	author = {Heaps, C.G.},
	year = {2016},
	address = {Stockholm Environment Institute. Somerville, MA, USA}
}

@book{Law:603360,
	author        = "Law, Averill M and Kelton, David W",
	title         = "Simulation modeling and analysis; 3rd ed.",
	publisher     = "McGraw-Hill",
	address       = "New York, NY",
	series        = "McGraw Hill Series in Industrial Engineering and
	Management Science",
	year          = "2000",
	url           = "http://cds.cern.ch/record/603360"
}


@article{nordpool_2019,
	author = {{Nord Pool Group}},
	title = {N2EX Day Ahead Auction Prices},
	url={https://www.nordpoolgroup.com/Market-data1/GB/Auction-prices/UK/Hourly/?view=table},
	journal={Nordpoolgroup.com},
	year={2019}
}

@article{ARIMA,
	author = {N. Wiener},
	title = {Autoregressive integrated moving average},
	year = {1930}}

@article{boden2017global,
  title={Global, regional, and national fossil-fuel co2 emissions (1751-2014)(v. 2017)},
  author={Boden, TA and Andres, RJ and Marland, G},
  year={2017},
  institution={Carbon Dioxide Information Analysis Center (CDIAC), Oak Ridge National Laboratory}
}

@book{EpsteinJoshuaM.author.GSSS,
publisher = {Princeton University Press,},
isbn = {9780691125473},
title = {Generative Social Science: Studies in Agent-Based Computational Modeling /},
edition = {Course Book.},
address = {Princeton, N.J. :},
author = {Epstein, Joshua M., author.}
}

@article{forgy65,
  added-at = {2017-11-13T20:06:06.000+0100},
  author = {Forgy, E.},
  biburl = {https://www.bibsonomy.org/bibtex/21e31409932ce91df646c4731350e1207/tomhanika},
  interhash = {c86383cba8cfe00d5e6ef200016aca3f},
  intrahash = {1e31409932ce91df646c4731350e1207},
  journal = {Biometrics},
  keywords = {clustering kdd17 kmeans partition},
  number = 3,
  pages = {768-769},
  timestamp = {2017-11-13T20:06:06.000+0100},
  title = {Cluster Analysis of Multivariate Data: Efficiency versus Interpretability of Classification},
  volume = 21,
  year = 1965
}


@article{doi:10.1080/01621459.1963.10500845,
author = { Joe H.   Ward   Jr. },
title = {Hierarchical Grouping to Optimize an Objective Function},
journal = {Journal of the American Statistical Association},
volume = {58},
number = {301},
pages = {236-244},
year  = {1963},
publisher = {Taylor & Francis},
doi = {10.1080/01621459.1963.10500845},

URL = { 
        https://www.tandfonline.com/doi/abs/10.1080/01621459.1963.10500845
    
},
eprint = { 
        https://www.tandfonline.com/doi/pdf/10.1080/01621459.1963.10500845
    
}

}

@article{forgy65,
  added-at = {2017-11-13T20:06:06.000+0100},
  author = {Forgy, E.},
  biburl = {https://www.bibsonomy.org/bibtex/21e31409932ce91df646c4731350e1207/tomhanika},
  interhash = {c86383cba8cfe00d5e6ef200016aca3f},
  intrahash = {1e31409932ce91df646c4731350e1207},
  journal = {Biometrics},
  keywords = {clustering kdd17 kmeans partition},
  number = 3,
  pages = {768-769},
  timestamp = {2017-11-13T20:06:06.000+0100},
  title = {Cluster Analysis of Multivariate Data: Efficiency versus Interpretability of Classification},
  volume = 21,
  year = 1965
}

@article{gillespie_1979, title={Forecasting: An Appraisal for Policy-Makers and Planners. By William Ascher. (Baltimore: Johns Hopkins University Press, 1978. Pp. xiii   239. \$15.00, paper.)}, volume={73}, DOI={10.2307/1954899}, number={2}, journal={American Political Science Review}, publisher={Cambridge University Press}, author={Gillespie, John V.}, year={1979}, pages={554–-555}}


@article{Hoffman_1973, title={The U.S. Energy System: A Unified Planning Framework, Energy Modeling, Resources for the Future}, pages = {103–-43}, author = {Hoffman, Kenneth C.}, year = 1973
}


@article{ERDA_48, title={National Plan for Energy Research, Development, and Demonstration: Creating Energy Choices for the Future}, year=1975, publisher ={ERDA-48}, author={Energy research and development administration}
}



@article{Schurr_1961,
title = {Energy in the American Economy, 1850–1975. An Economic Study of its History and Prospects.},
author = {Usher, Abbot Payson},
year = {1961},
journal = {The Journal of Economic History},
volume = {21},
number = {03},
pages = {418-421}
}




@article{dukes_511, title={Power stations in the United Kingdom, May 2019}, author={{Department for Business and Industrial Strategy, UK Government}}, year={2019}, journal={Digest of United Kingdom Energy Statistics (DUKES)}
}


@article{eia_efficiency, title={Power Plant Operations Report}, author={U.S. Energy Information Administration}
}

@article{ARIMA,
	author = {"Norbert Wiener et al."},
	title = {"Autoregressive integrated moving average"},
	year = {1930}}

@article{KincheloeStephenC1990TWAC,
	issn = {0003-7087},
	journal = {The Appraisal journal.},
	volume = {58},
	publisher = {American Institute of Real Estate Appraisers},
	number = {1},
	address = {[Chicago]},
	year = {1990},
	title = {The Weighted Average Cost Of Capital - The Correct Discount},
	author = {Kincheloe, Stephen C}
}

@misc{gridwatch, title={GB Fuel type power generation production}, url={https://gridwatch.co.uk/}, journal={GB Fuel type power generation production}}

@book{Holland1975,
author = {Holland, John H.},
booktitle = {Adaptation in Natural and Artificial Systems},
isbn = {9780262082136},
mendeley-groups = {Optimisation},
title = {Search methodologies: Introductory tutorials in optimization and decision support techniques, 2nd ed},
year = {1975},
journal = {MIT: University of Michigan Press}
}


@article{eu-ets,
	author = {Sandbag},
	title = {Carbon Price Viewer - Sandbag},
	journal = {sandbag.org.uk/carbon-price-viewer/},
	year = {2020}
}

@article{beis_fuel_price,
	author = {{Department for Business, Energy \& Industrial Strategy}},
	title = {Average prices of fuels purchased by the major UK power producers},
	journal = {UK Government},
	year = {2010}
}


@article{companies_house,
	author = {{Department for Business, Energy \& Industrial Strategy}},
	title = {Companies House - GOV.UK},
	journal = {UK Government},
	year = {2019}
}


@article{uk_energy_act,
	author = {{Department of Energy and Climate Change}},
	title = {Energy Act 2013},
	journal = {UK Government},
	year = {2013}
}



@article{pa_2013_renewables,
	author = {Press Association},
	title = {Record 46\% of UK's electricity generated by clean energy sources in 2015},
	journal = {The Guardian},
	year = {2013}
}


@article{white2005concentrated,
  title={Concentrated power},
  author={White, A},
  journal={Public utilities fortnightly. Arlington},
  volume={143},
  number={2},
  pages={43--47},
  year={2005}
}

@book{mitchell1998introduction,
  title={An introduction to genetic algorithms},
  author={Mitchell, Melanie},
  year={1998},
  publisher={MIT press}
}

@article{scikit-learn,
 title={Scikit-learn: Machine Learning in {P}ython},
 author={Pedregosa, F. and Varoquaux, G. and Gramfort, A. and Michel, V.
         and Thirion, B. and Grisel, O. and Blondel, M. and Prettenhofer, P.
         and Weiss, R. and Dubourg, V. and Vanderplas, J. and Passos, A. and
         Cournapeau, D. and Brucher, M. and Perrot, M. and Duchesnay, E.},
 journal={Journal of Machine Learning Research},
 volume={12},
 pages={2825--2830},
 year={2011}
}




@inproceedings{Quinlan, author = {Quinlan, J. Ross}, title = {C4.5: Programs for Machine Learning}, year = {1993}, isbn = {1558602380}, publisher = {Morgan Kaufmann Publishers Inc.}, address = {San Francisco, CA, USA} }
 
 @article{nagalingam2020cim,
 	title={CIM justification and optimisation},
 	author={Nagalingam, Sev V},
 	year={2020},
 	publisher={CRC Press}
 }


@inproceedings{ho1995random,
	title={Random decision forests},
	author={Ho, Tin Kam},
	booktitle={Proceedings of 3rd international conference on document analysis and recognition},
	volume={1},
	pages={278--282},
	year={1995},
	organization={IEEE}
}

@inproceedings{CER_DATASET,
	title={CER Smart Metering Project - Electricity Customer Behaviour Trial},
	author={{Commission for Energy Regulation (CER)}},
	volume={1},
	year={2012},
	organization={rish Social Science Data Archive}
}


@inproceedings{queens_dataset,
	title={Con Edison Launches Smart Grid Pilot Program in Queens},
	author={{Commission for Energy Regulation (CER)}},
	year={2009},
}


@article{rumelhart1986learning,
	title={Learning representations by back-propagating errors},
	author={Rumelhart, David E and Hinton, Geoffrey E and Williams, Ronald J},
	journal={nature},
	volume={323},
	number={6088},
	pages={533--536},
	year={1986},
	publisher={Nature Publishing Group}
}


@incollection{more1978levenberg,
	title={The Levenberg-Marquardt algorithm: implementation and theory},
	author={Mor{\'e}, Jorge J},
	booktitle={Numerical analysis},
	pages={105--116},
	year={1978},
	publisher={Springer}
}


@techreport{cole2019cost,
	title={Cost projections for utility-scale battery storage},
	author={Cole, Wesley J and Frazier, Allister},
	year={2019},
	institution={National Renewable Energy Lab.(NREL), Golden, CO (United States)}
}


@article{lin2011energy,
	title={Energy Storage—a Cheaper and Cleaner Alternative to Natural Gas--Fired Peaker Plants},
	author={Lin, Janice and Damato, Giovanni},
	journal={Prepared for California Energy Storage Alliance (CESA)},
	year={2011}
}

@incollection{conejo2010electricity,
	title={Electricity markets},
	author={Conejo, Antonio J and Carri{\'o}n, Miguel and Morales, Juan M},
	booktitle={Decision making under uncertainty in electricity markets},
	pages={1--26},
	year={2010},
	publisher={Springer}
}

@article{avancini2019energy,
	title={Energy meters evolution in smart grids: A review},
	author={Avancini, Danielly B and Rodrigues, Joel JPC and Martins, Simion GB and Rab{\^e}lo, Ricardo AL and Al-Muhtadi, Jalal and Solic, Petar},
	journal={Journal of Cleaner Production},
	volume={217},
	pages={702--715},
	year={2019},
	publisher={Elsevier}
}

@article{foxon2010developing,
	title={Developing transition pathways for a low carbon electricity system in the UK},
	author={Foxon, Timothy J and Hammond, Geoffrey P and Pearson, Peter JG},
	journal={Technological Forecasting and Social Change},
	volume={77},
	number={8},
	pages={1203--1213},
	year={2010},
	publisher={Elsevier}
}


@article{fishman1978principles,
	title={Principles of discrete event simulation.[book review]},
	author={Fishman, George S},
	year={1978},
	publisher={John Wiley and Sons, New York, NY}
}

@book{mitrani1982simulation,
	title={Simulation techniques for discrete event systems},
	author={Mitrani, Israel and Mitrani, Israel},
	volume={14},
	year={1982},
	publisher={CUP Archive}
}


@article{driebeek1966algorithm,
	title={An algorithm for the solution of mixed integer programming problems},
	author={Driebeek, Norman J},
	journal={Management Science},
	volume={12},
	number={7},
	pages={576--587},
	year={1966},
	publisher={INFORMS}
}

@article{lehtilae2007iea,
	title={IEA Energy Technology Systems Analysis Programme ETSAP; IEA ETSA},
	author={Lehtilae, A and Savolainen, I},
	year={2007}
}

@article{loulou2008etsap,
	title={ETSAP-TIAM: the TIMES integrated assessment model Part I: Model structure},
	author={Loulou, Richard and Labriet, Maryse},
	journal={Computational Management Science},
	volume={5},
	number={1-2},
	pages={7--40},
	year={2008},
	publisher={Springer}
}


@techreport{jenkins1974wein,
	title={Wein automatic system planning package (wasp): an electric utility optimal generation expansion planning computer code},
	author={Jenkins, Robert T and Joy, DS},
	year={1974},
	institution={Oak Ridge National Lab., Tenn.(USA)}
}

@article{leuthold2012large,
	title={A large-scale spatial optimization model of the European electricity market},
	author={Leuthold, Florian U and Weigt, Hannes and von Hirschhausen, Christian},
	journal={Networks and spatial economics},
	volume={12},
	number={1},
	pages={75--107},
	year={2012},
	publisher={Springer}
}




@article{lillicrap2015continuous,
	title={Continuous control with deep reinforcement learning},
	author={Lillicrap, Timothy P and Hunt, Jonathan J and Pritzel, Alexander and Heess, Nicolas and Erez, Tom and Tassa, Yuval and Silver, David and Wierstra, Daan},
	journal={arXiv preprint arXiv:1509.02971},
	year={2015}
}