@article{cer_2012, journal={CER Smart Metering Project - Electricity Customer Behaviour Trial, 2009-2010}, publisher={Irish Social Science Data Archive}, author={Commission for Energy Regulation (CER)}, year={2012}}

